@inproceedings{younis_2012,
author = {Mussa, Awad A Younis},
year = {2012},
month = {07},
pages = {},
title = {Relationship between Attack Surface and Vulnerability Density: A Case Study on Apache HTTP Server}
}

@article{jiao_wu_2007,
author = {Jiao, J. and Xu, Z. and Wei, W.},
year = {2007},
month = {02},
pages = {353-359},
title = {Method of identify OS based on TCP/IP fingerprint},
volume = {3}
}

@INPROCEEDINGS{li_avellino_janies_collins_2016,
author={X. {Li} and P. {Avellino} and J. {Janies} and M. P. {Collins}},
booktitle={MILCOM 2016 - 2016 IEEE Military Communications Conference},
title={Software asset analyzer: A system for detecting configuration anomalies},
year={2016},
volume={},
number={},
pages={998-1003},
keywords={safety-critical software;security of data;software asset analyzer;configuration anomaly detection;SAA;software patch management;software inventories;software patching efficiency improvement;security patching;vulnerable software installation detection;remediation process verification;Software as a service;Metadata;Monitoring;Computer bugs;Computer security;Attack;Detection and Prevention;Asset Inventory;Anomaly detection;Configuration Management;Incident Response;Intrusion Detection;Threat Monitoring and Analysis},
doi={10.1109/MILCOM.2016.7795460},
ISSN={2155-7586},
month={Nov},}

@article{zain_ankur_derek_log_2014,
author = {Shamsi, Zain and Nandwani, Ankur and Leonard, Derek and Loguinov, Dmitri},
year = {2014},
month = {06},
pages = {},
title = {Hershel: Single-Packet OS Fingerprinting},
volume = {42},
isbn = {978-1-4503-2789-3},
journal = {ACM SIGMETRICS Performance Evaluation Review},
doi = {10.1145/2591971.2591972}
}